@article{shannon1948mathematical,
  title={A mathematical theory of communication},
  author={Shannon, Claude Elwood},
  journal={The Bell system technical journal},
  volume={27},
  number={3},
  pages={379--423},
  year={1948},
  publisher={Nokia Bell Labs}
}

@article{simpson1949measurement,
  title={Measurement of diversity},
  author={Simpson, Edward H},
  journal={nature},
  volume={163},
  number={4148},
  pages={688--688},
  year={1949},
  publisher={Nature Publishing Group UK London}
}




@article{hill1973diversity,
  title={Diversity and evenness: a unifying notation and its consequences},
  author={Hill, Mark O},
  journal={Ecology},
  volume={54},
  number={2},
  pages={427--432},
  year={1973},
  publisher={Wiley Online Library}
}

@article{peet1974measurement,
  title={The measurement of species diversity},
  author={Peet, Robert K},
  journal={Annual review of ecology and systematics},
  volume={5},
  number={1},
  pages={285--307},
  year={1974},
  publisher={Annual Reviews 4139 El Camino Way, PO Box 10139, Palo Alto, CA 94303-0139, USA}
}

@book{magurran2004measuring,
  title={Measuring biological diversity},
  author={Magurran, Anne E},
  year={2004},
  publisher={Blackwell Publishing}
}

@article{mac2018bat,
  title={Bat detective—Deep learning tools for bat acoustic signal detection},
  author={Mac Aodha, Oisin and Gibb, Rory and Barlow, Kate E and Browning, Ella and Firman, Michael and Freeman, Robin and Harder, Briana and Kinsey, Libby and Mead, Gary R and Newson, Stuart E and others},
  journal={PLoS computational biology},
  volume={14},
  number={3},
  pages={e1005995},
  year={2018},
  publisher={Public Library of Science San Francisco, CA USA}
}

@article{kahl2021birdnet,
  title={BirdNET: A deep learning solution for avian diversity monitoring},
  author={Kahl, Stefan and Wood, Connor M and Eibl, Maximilian and Klinck, Holger},
  journal={Ecological Informatics},
  volume={61},
  pages={101236},
  year={2021},
  publisher={Elsevier}
}

@article{christin2019applications,
  title={Applications for deep learning in ecology},
  author={Christin, Sylvain and Hervet, {\'E}tienne and Lecomte, Nicolas},
  journal={Methods in Ecology and Evolution},
  volume={10},
  number={10},
  pages={1632--1644},
  year={2019},
  publisher={Wiley Online Library}
}

@article{norouzzadeh2018automatically,
  title={Automatically identifying, counting, and describing wild animals in camera-trap images with deep learning},
  author={Norouzzadeh, Mohammad Sadegh and Nguyen, Anh and Kosmala, Margaret and Swanson, Alexandra and Palmer, Meredith S and Packer, Craig and Clune, Jeff},
  journal={Proceedings of the National Academy of Sciences},
  volume={115},
  number={25},
  pages={E5716--E5725},
  year={2018},
  publisher={National Acad Sciences}
}

@article{mace20072010,
  title={The 2010 biodiversity indicators: challenges for science and policy},
  author={Mace, Georgina M and Baillie, Jonathan EM},
  journal={Conservation Biology},
  volume={21},
  number={6},
  pages={1406--1413},
  year={2007},
  publisher={Wiley Online Library}
}

@article{cardinale2012biodiversity,
  title={Biodiversity loss and its impact on humanity},
  author={Cardinale, Bradley J and Duffy, J Emmett and Gonzalez, Andrew and Hooper, David U and Perrings, Charles and Venail, Patrick and Narwani, Anita and Mace, Georgina M and Tilman, David and Wardle, David A and others},
  journal={Nature},
  volume={486},
  number={7401},
  pages={59--67},
  year={2012},
  publisher={Nature Publishing Group}
}


@article{gotelli2001quantifying,
  title={Quantifying biodiversity: procedures and pitfalls in the measurement and comparison of species richness},
  author={Gotelli, Nicholas J and Colwell, Robert K},
  journal={Ecology Letters},
  volume={4},
  number={4},
  pages={379--391},
  year={2001},
  publisher={Wiley Online Library}
}

@article{chao2016nonparametric,
  title={Nonparametric estimation and comparison of species richness},
  author={Chao, Anne and Chiu, Chun-Huo},
  journal={Els},
  pages={1--11},
  year={2016},
  publisher={Wiley Online Library}
}

@article{jost2007partitioning,
  title={Partitioning diversity into independent alpha and beta components},
  author={Jost, Lou},
  journal={Ecology},
  volume={88},
  number={10},
  pages={2427--2439},
  year={2007},
  publisher={Wiley Online Library}
}

@article{loreau2001biodiversity,
  title={Biodiversity and ecosystem functioning: current knowledge and future challenges},
  author={Loreau, Michel and Naeem, Shahid and Inchausti, Pablo and Bengtsson, Jan and Grime, J Philip and Hector, Andy and Hooper, David U and Huston, Michael A and Raffaelli, Dave and Schmid, Bernhard and others},
  journal={Science},
  volume={294},
  number={5543},
  pages={804--808},
  year={2001},
  publisher={American Association for the Advancement of Science}
}

@article{tilman1996productivity,
  title={Productivity and sustainability influenced by biodiversity in grassland ecosystems},
  author={Tilman, David and Wedin, David and Knops, Johannes},
  journal={Nature},
  volume={379},
  number={6567},
  pages={718--720},
  year={1996},
  publisher={Nature Publishing Group}
}

@article{hector1999plant,
  title={Plant diversity and productivity experiments in European grasslands},
  author={Hector, Andy and Schmid, Bernhard and Beierkuhnlein, Carl and Caldeira, M C and Diemer, Matthias and Dimitrakopoulos, Panayiotis G and Finn, John A and Freitas, Helder and Giller, Paul S and Good, Jeffrey and others},
  journal={Science},
  volume={286},
  number={5442},
  pages={1123--1127},
  year={1999},
  publisher={American Association for the Advancement of Science}
}

@article{gray2000measurement,
  title={The measurement of marine species diversity, with an application to the benthic fauna of the Norwegian continental shelf},
  author={Gray, John S},
  journal={Journal of Experimental Marine Biology and Ecology},
  volume={250},
  number={1-2},
  pages={23--49},
  year={2000},
  publisher={Elsevier}
}


@article{stirling2001empirical,
  title={Empirical relationships between species richness, evenness, and proportional diversity},
  author={Stirling, Gary and Wilsey, Brian},
  journal={The American Naturalist},
  volume={158},
  number={3},
  pages={286--299},
  year={2001},
  publisher={University of Chicago Press}
}

@article{naeem1997biodiversity,
  title={Biodiversity enhances ecosystem reliability},
  author={Naeem, Shahid and Li, Shibin},
  journal={Nature},
  volume={390},
  number={6659},
  pages={507--509},
  year={1997},
  publisher={Nature Publishing Group}
}

@article{hooper2005effects,
  title={Effects of biodiversity on ecosystem functioning: A consensus of current knowledge},
  author={Hooper, David U and Chapin, F Stuart and Ewel, John J and Hector, Andy and Inchausti, Pablo and Lavorel, Sandra and Lawton, John H and Lodge, David M and Loreau, Michel and Naeem, Shahid and others},
  journal={Ecological Monographs},
  volume={75},
  number={1},
  pages={3--35},
  year={2005},
  publisher={Wiley Online Library}
}

@article{pimm2014biodiversity,
  title={The biodiversity of species and their rates of extinction, distribution, and protection},
  author={Pimm, Stuart L and Jenkins, Clinton N and Abell, Robin and Brooks, Thomas M and Gittleman, John L and Joppa, Lucas N and Raven, Peter H and Roberts, Callum M and Sexton, Joseph O},
  journal={Science},
  volume={344},
  number={6187},
  pages={1246752},
  year={2014},
  publisher={American Association for the Advancement of Science}
}

@article{laurance2014global,
  title={A global strategy for road building},
  author={Laurance, William F and Clements, G Reed and Sloan, Sean and O’Connell, Corey S and Mueller, Nathan D and Goosem, Miriam and Venter, Oscar and Edwards, David P and Phalan, Ben and Balmford, Andrew and others},
  journal={Nature},
  volume={513},
  number={7517},
  pages={229--232},
  year={2014},
  publisher={Nature Publishing Group}
}

@article{chao2014rarefaction,
  title={Rarefaction and extrapolation with Hill numbers: a framework for sampling and estimation in species diversity studies},
  author={Chao, Anne and Gotelli, Nicholas J and Hsieh, Tsung Cheng and Sander, Eric L and Ma, Kuan Hong and Colwell, Robert K and Ellison, Aaron M},
  journal={Ecological Monographs},
  volume={84},
  number={1},
  pages={45--67},
  year={2014},
  publisher={Wiley Online Library}
}

@article{ricotta2005through,
  title={Through the jungle of biological diversity},
  author={Ricotta, Carlo},
  journal={Acta Biotheoretica},
  volume={53},
  number={1},
  pages={29--38},
  year={2005},
  publisher={Springer}
}

@article{gotelli2011estimating,
  title={Estimating species richness},
  author={Gotelli, Nicholas J and Colwell, Robert K},
  journal={Biological Diversity: Frontiers in Measurement and Assessment},
  volume={12},
  number={1},
  pages={39--54},
  year={2011},
  publisher={Oxford University Press}
}

@article{smith1996consumer,
  title={A consumer's guide to evenness indices},
  author={Smith, Ben and Wilson, John B},
  journal={Oikos},
  volume={76},
  number={1},
  pages={70--82},
  year={1996},
  publisher={Wiley Online Library}
}

@book{loreau2010from,
  title={From populations to ecosystems: Theoretical foundations for a new ecological synthesis},
  author={Loreau, Michel},
  year={2010},
  publisher={Princeton University Press}
}

@article{tilman2014biodiversity,
  title={Biodiversity and ecosystem functioning},
  author={Tilman, David and Isbell, Forest and Cowles, Jennifer M},
  journal={Annual Review of Ecology, Evolution, and Systematics},
  volume={45},
  pages={471--493},
  year={2014},
  publisher={Annual Reviews}
}

@article{macaulay2020camera,
  title={Camera traps as a tool for monitoring human impact on wildlife},
  author={Macaulay, Luke T and Sherman, Kelly A and Beard, Kym M and Ngugi, Helen and Mundia, Chege N},
  journal={Current Biology},
  volume={30},
  number={6},
  pages={R232--R241},
  year={2020},
  publisher={Elsevier}
}

@article{wearn2017camera,
  title={Camera-trapping for conservation: A guide to best practices},
  author={Wearn, Oliver R and Glover-Kapfer, Paul},
  journal={WWF Conservation Technology Series},
  volume={1},
  number={1},
  pages={1--56},
  year={2017}
}

@inproceedings{schneider2020deep,
  title={Deep learning object detection methods for ecological camera trap data},
  author={Schneider, Stefan and Taylor, Graham W and Kremer, Stefan C},
  booktitle={Proceedings of the IEEE/CVF Conference on Computer Vision and Pattern Recognition Workshops},
  pages={2002--2011},
  year={2020}
}

@article{steenweg2017scaling,
  title={Scaling-up camera traps: Monitoring the planet’s biodiversity with networks of remote sensors},
  author={Steenweg, Robin and Hebblewhite, Mark and Whittington, Jesse and Lukacs, Paul M and McKelvey, Kevin S and Hayward, Gregory D},
  journal={Frontiers in Ecology and the Environment},
  volume={15},
  number={1},
  pages={26--34},
  year={2017},
  publisher={Wiley Online Library}
}

@article{tabak2019machine,
  title={Machine learning to classify animal species in camera trap images: Applications in ecology},
  author={Tabak, Michael A and Norouzzadeh, Mohammad S and Wolfson, David W and Sweeney, Steven J and VerCauteren, Kurt C and Snow, Nathan P and Halseth, Jared M and Di Salvo, Paul A and Lewis, Jayson S and White, Michael D and others},
  journal={Methods in Ecology and Evolution},
  volume={10},
  number={4},
  pages={585--590},
  year={2019},
  publisher={Wiley Online Library}
}

@inproceedings{van2018inaturalist,
  title={The iNaturalist species classification and detection dataset},
  author={van Horn, Grant and Mac Aodha, Oisin and Song, Yang and Cui, Yin and Sun, Chen and Shepard, Alex and Perona, Pietro and Belongie, Serge},
  booktitle={Proceedings of the IEEE Conference on Computer Vision and Pattern Recognition (CVPR)},
  pages={8769--8778},
  year={2018}
}

@inproceedings{beery2018iwildcam,
  title={The iWildCam 2018 challenge dataset},
  author={Beery, Sara and Van Horn, Grant and Mac Aodha, Oisin and Perona, Pietro},
  booktitle={Proceedings of the IEEE Conference on Computer Vision and Pattern Recognition (CVPR) Workshops},
  pages={684--6849},
  year={2018}
}

@article{tilman2014biodiversity,
  title={Biodiversity and ecosystem functioning},
  author={Tilman, David and Isbell, Forest and Cowles, Jane M},
  journal={Annual review of ecology, evolution, and systematics},
  volume={45},
  number={1},
  pages={471--493},
  year={2014},
  publisher={Annual Reviews}
}

@article{keylock2005simpson,
  title={Simpson diversity and the Shannon--Wiener index as special cases of a generalized entropy},
  author={Keylock, CJꎬ},
  journal={Oikos},
  volume={109},
  number={1},
  pages={203--207},
  year={2005},
  publisher={Wiley Online Library}
}

@article{gotelli2013measuring,
  title={Measuring and estimating species richness, species diversity, and biotic similarity from sampling data},
  author={Gotelli, Nicholas J and Chao, Anne},
  journal={Encyclopedia of biodiversity},
  pages={195--211},
  year={2013},
  publisher={Elsevier}
}

@article{perez2023birdnet,
  title={BirdNET: applications, performance, pitfalls and future opportunities},
  author={P{\'e}rez-Granados, Cristian},
  journal={Ibis},
  volume={165},
  number={3},
  pages={1068--1075},
  year={2023},
  publisher={Wiley Online Library}
}

@article{thuiller2019uncertainty,
  title={Uncertainty in ensembles of global biodiversity scenarios},
  author={Thuiller, Wilfried and Gu{\'e}guen, Maya and Renaud, Julien and Karger, Dirk N and Zimmermann, Niklaus E},
  journal={Nature Communications},
  volume={10},
  number={1},
  pages={1446},
  year={2019},
  publisher={Nature Publishing Group UK London}
}

@article{dayrat2005towards,
  title={Towards integrative taxonomy},
  author={Dayrat, Benoit},
  journal={Biological journal of the Linnean society},
  volume={85},
  number={3},
  pages={407--417},
  year={2005},
  publisher={Oxford University Press}
}

@article{jost2006entropy,
  title={Entropy and diversity},
  author={Jost, Lou},
  journal={Oikos},
  volume={113},
  number={2},
  pages={363--375},
  year={2006},
  publisher={Wiley Online Library}
}

@article{rowland2021guide,
  title={A guide to representing variability and uncertainty in biodiversity indicators},
  author={Rowland, Jessica A and Bland, Lucie M and James, Simon and Nicholson, Emily},
  journal={Conservation Biology},
  volume={35},
  number={5},
  pages={1669--1682},
  year={2021},
  publisher={Wiley Online Library}
}

@article{leung2024global,
  title={Global monitoring for biodiversity: Uncertainty, risk, and power analyses to support trend change detection},
  author={Leung, Brian and Gonzalez, Andrew},
  journal={Science Advances},
  volume={10},
  number={7},
  pages={eadj1448},
  year={2024},
  publisher={American Association for the Advancement of Science}
}

@article{jost2010independence,
  title={Independence of alpha and beta diversities},
  author={Jost, Lou},
  journal={Ecology},
  volume={91},
  number={7},
  pages={1969--1974},
  year={2010},
  publisher={JSTOR}
}

@book{hubbell2011unified,
  title={The unified neutral theory of biodiversity and biogeography (MPB-32)},
  author={Hubbell, Stephen P},
  year={2011},
  publisher={Princeton University Press}
}

@book{magurran2013ecological,
  title={Ecological diversity and its measurement},
  author={Magurran, Anne E},
  year={2013},
  publisher={Springer Science \& Business Media}
}

@misc{wasserstein2016asa,
  title={The ASA statement on p-values: context, process, and purpose},
  author={Wasserstein, Ronald L and Lazar, Nicole A},
  journal={The American Statistician},
  volume={70},
  number={2},
  pages={129--133},
  year={2016},
  publisher={Taylor \& Francis}
}

@article{lakens2013calculating,
  title={Calculating and reporting effect sizes to facilitate cumulative science: a practical primer for t-tests and ANOVAs},
  author={Lakens, Dani{\"e}l},
  journal={Frontiers in psychology},
  volume={4},
  pages={863},
  year={2013},
  publisher={Frontiers Media SA}
}
@article{hauke2011comparison,
  title={Comparison of values of Pearson's and Spearman's correlation coefficients on the same sets of data},
  author={Hauke, Jan and Kossowski, Tomasz},
  journal={Quaestiones geographicae},
  volume={30},
  number={2},
  pages={87--93},
  year={2011}
}

@article{knight1966computer,
  title={A computer method for calculating Kendall's tau with ungrouped data},
  author={Knight, William R},
  journal={Journal of the American Statistical Association},
  volume={61},
  number={314},
  pages={436--439},
  year={1966},
  publisher={Taylor \& Francis}
}

@article{arponen2012prioritizing,
  title={Prioritizing species for conservation planning},
  author={Arponen, Anni},
  journal={Biodiversity and Conservation},
  volume={21},
  pages={875--893},
  year={2012},
  publisher={Springer}
}